<collection xmlns='http://www.loc.gov/MARC21/slim' xmlns:xsi='http://www.w3.org/2001/XMLSchema-instance' xsi:schemaLocation='http://www.loc.gov/standards/marcxml/schema/MARC21slim.xsd'>
  <record xmlns="http://www.loc.gov/MARC21/slim">
    <leader>00000cam a2200000Ia 4500</leader>
    <controlfield tag="001">on1119721244</controlfield>
    <controlfield tag="006">m     o  c        </controlfield>
    <controlfield tag="008">190917s1164    ir p          000 0 ara d</controlfield>
    <datafield tag="007" ind1=" " ind2=" ">
      <subfield code="a">c</subfield>
      <subfield code="b">r</subfield>
      <subfield code="d">c</subfield>
      <subfield code="e">n</subfield>
      <subfield code="g">024</subfield>
      <subfield code="h">a</subfield>
      <subfield code="i">a</subfield>
      <subfield code="j">a</subfield>
      <subfield code="k">b</subfield>
      <subfield code="l">a</subfield>
    </datafield>
    <datafield tag="040" ind1=" " ind2=" ">
      <subfield code="a">PAU</subfield>
      <subfield code="b">eng</subfield>
      <subfield code="e">amremm</subfield>
      <subfield code="c">PAU</subfield>
      <subfield code="d">PAU</subfield>
      <subfield code="d">OCLCF</subfield>
    </datafield>
    <datafield tag="035" ind1=" " ind2=" ">
      <subfield code="a">(PAU)9958293823503681</subfield>
    </datafield>
    <datafield tag="041" ind1="0" ind2=" ">
      <subfield code="a">ara</subfield>
    </datafield>
    <datafield tag="049" ind1=" " ind2=" ">
      <subfield code="a">PAUU</subfield>
    </datafield>
	<datafield tag="099" ind1=" " ind2="9">
      <subfield code="a">Penn Museum NEP27</subfield>
    </datafield>
    <datafield tag="130" ind1="0" ind2=" ">
      <subfield code="a">Qurʼan.</subfield>
    </datafield>
    <datafield tag="245" ind1="1" ind2="4">
      <subfield code="6">880-01</subfield>
      <subfield code="a">[al-Qurʼān]</subfield>
      <subfield code="h">[electronic resource].</subfield>
    </datafield>
    <datafield tag="260" ind1=" " ind2=" ">
      <subfield code="6">880-02</subfield>
      <subfield code="a">Hamadhān,</subfield>
      <subfield code="c">A.H. 559 (1164)</subfield>
    </datafield>
    <datafield tag="300" ind1=" " ind2=" ">
      <subfield code="a">1 online resource (214 leaves) :</subfield>
      <subfield code="b">illuminations.</subfield>
    </datafield>
    <datafield tag="538" ind1=" " ind2=" ">
      <subfield code="a">Mode of access: World Wide Web.</subfield>
    </datafield>
    <datafield tag="520" ind1=" " ind2=" ">
      <subfield code="a">Seljuk illuminated copy of the Qurʼān with interlinear gloss and three reference tables.</subfield>
    </datafield>
    <datafield tag="546" ind1=" " ind2=" ">
      <subfield code="a">Arabic.</subfield>
    </datafield>
    <datafield tag="500" ind1=" " ind2=" ">
      <subfield code="a">Title supplied by cataloger.</subfield>
    </datafield>
    <datafield tag="500" ind1=" " ind2=" ">
      <subfield code="a">Foliation: Modern pagination in pencil added every recto, upper left.</subfield>
    </datafield>
    <datafield tag="500" ind1=" " ind2=" ">
      <subfield code="a">Layout: 17 long lines with gloss written diagonally between the lines; border-ruled.</subfield>
    </datafield>
    <datafield tag="500" ind1=" " ind2=" ">
      <subfield code="a">Script: Written in naskh in black ink; pointed and vocalized; gloss in naskh in red ink; pointed and partially vocalized; some sūrah headings in New Style in white and some in thuluth in gold.</subfield>
    </datafield>
    <datafield tag="500" ind1=" " ind2=" ">
      <subfield code="a">Decoration: Illuminated frontispiece in gold and blue with geometric pattern in white (p. 3); dual-page illuminated opening in three registers, the central white space for text, the upper and lower registers for extra-Qurʼānic text in white on a gold foliate background, with all three spaces surrounded by wide gold margins with knotwork designs (p. 4-5); wide gold border-rules with gold foliate fill in the corners around last pages of text (p. 418-419); dual-page densely illuminated colophon divided into three registers with the upper and lower reserved for text in white on gold foliate fill and the central rectangular register filled with a geometric design, chiefly in gold, of a central diamond with four half circles overlapping each point of the diamond and a central medallion made of eight interlocking circles with gold, green and blue filling the interstices, gold patterned and foliate fill cover the spaces around the diamond and frame the pages (p. 420-421); some sūrah headings in white ink on blue field set between two interlocking half circles in a register, gold with foliate fill in the interstices of the circles and gold and blue rosettes on either end and an illuminated vignette in the margin (example, p. 105); other sūrah headings written in gold lined in black on a white field in a register with gold patterned or foliate fill at either end and an illuminated vignette in the outer margin (example, p. 195) some of the central registers also contain blue and white decoration (example, p. 177, 238); gold 16-leaf florets mark verse endings; teardrop, circular, and rectangular marginal medallions in gold and blue mark text divisions; textblock is border-ruled in gold; three pages of references tables in black and red (p. 422-424).</subfield>
    </datafield>
    <datafield tag="500" ind1=" " ind2=" ">
      <subfield code="a">Binding: Dark brown gold tooled leather over pasteboard with flap (Type II); now disbound.</subfield>
    </datafield>
    <datafield tag="500" ind1=" " ind2=" ">
      <subfield code="a">Origin: Copied and illuminated in Hamadhān, now in Iran, at the end of Jumādá al-Ūlá, 559 A.H. (April, 1164) by Maḥmūd ibn al-Ḥusayn al-Kirmānī (p. 418-419).</subfield>
    </datafield>
    <datafield tag="500" ind1=" " ind2=" ">
      <subfield code="a">Dimensions of original manuscript: 422 x 279 mm.</subfield>
    </datafield>
    <datafield tag="541" ind1="1" ind2=" ">
      <subfield code="a">Purchased from Dimitri Andalaft in 1919.</subfield>
    </datafield>
    <datafield tag="561" ind1="1" ind2=" ">
      <subfield code="a">Formerly owned by Aḥmad Jāwīsh and donated by him as a waqf (pious endowment) to Jāmiʻ al-Azhar (Cairo) in the time of Muḥammad ibn Sālim al-Ḥifnī (Shaykh of Al-Azhar Mosque in 1757-1767) (waqf inscription, p. 3).</subfield>
    </datafield>
    <datafield tag="581" ind1=" " ind2=" ">
      <subfield code="a">Ettinghousen, Richard. "A signed and dated Seljuq Qur'an." in the Bulletin of the Ameriacn Institute of Persian Art and Archeology 4 (1935), 92-102.</subfield>
    </datafield>
    <datafield tag="524" ind1=" " ind2=" ">
      <subfield code="a">University of Pennsylvania Museum of Archaeology and Anthropology NEP27</subfield>
    </datafield>
    <datafield tag="533" ind1=" " ind2=" ">
      <subfield code="a">Electronic reproduction.</subfield>
      <subfield code="b">Philadelphia, Pa. :</subfield>
      <subfield code="c">University of Pennsylvania Libraries,</subfield>
      <subfield code="d">2012.</subfield>
    </datafield>
    <datafield tag="534" ind1=" " ind2=" ">
      <subfield code="p">Original:</subfield>
      <subfield code="t">[Koran] (NEP 27),</subfield>
      <subfield code="l">University of Pennsylvania Museum of Archaeology and Anthropology.</subfield>
    </datafield>
    <datafield tag="650" ind1=" " ind2="0">
      <subfield code="a">Islamic illumination of books and manuscripts</subfield>
      <subfield code="v">Specimens.</subfield>
    </datafield>
    <datafield tag="650" ind1=" " ind2="7">
      <subfield code="a">Islamic illumination of books and manuscripts.</subfield>
      <subfield code="2">fast</subfield>
      <subfield code="0">(OCoLC)fst01730333</subfield>
    </datafield>
    <datafield tag="655" ind1=" " ind2="0">
      <subfield code="a">Manuscripts, Arabic.</subfield>
    </datafield>
    <datafield tag="655" ind1=" " ind2="0">
      <subfield code="a">Manuscripts, 12th century.</subfield>
    </datafield>
    <datafield tag="655" ind1=" " ind2="7">
      <subfield code="a">Fascimiles.</subfield>
      <subfield code="2">aat</subfield>
    </datafield>
    <datafield tag="655" ind1=" " ind2="7">
      <subfield code="a">Qurʼans.</subfield>
      <subfield code="2">aat</subfield>
    </datafield>
    <datafield tag="655" ind1=" " ind2="7">
      <subfield code="a">Illuminations (painting)</subfield>
      <subfield code="2">aat</subfield>
    </datafield>
    <datafield tag="655" ind1=" " ind2="7">
      <subfield code="a">Specimens.</subfield>
      <subfield code="2">fast</subfield>
      <subfield code="0">(OCoLC)fst01423861</subfield>
    </datafield>
    <datafield tag="655" ind1=" " ind2="7">
      <subfield code="a">Annotations (Provenance)</subfield>
      <subfield code="2">rbprov</subfield>
    </datafield>
    <datafield tag="700" ind1="1" ind2=" ">
      <subfield code="6">880-03</subfield>
      <subfield code="a">Kirmānī, Maḥmūd ibn al-Ḥusayn,</subfield>
      <subfield code="d">active 1164,</subfield>
      <subfield code="e">scribe.</subfield>
    </datafield>
    <datafield tag="700" ind1="1" ind2=" ">
      <subfield code="6">880-04</subfield>
      <subfield code="a">Jāwīsh, Aḥmad,</subfield>
      <subfield code="d">active approximately 1760,</subfield>
      <subfield code="e">former owner.</subfield>
    </datafield>
    <datafield tag="700" ind1="1" ind2=" ">
      <subfield code="a">Andalaft, Dimitri,</subfield>
      <subfield code="e">bookseller.</subfield>
    </datafield>
    <datafield tag="710" ind1="2" ind2=" ">
      <subfield code="6">880-05</subfield>
      <subfield code="a">Jāmiʻ al-Azhar,</subfield>
      <subfield code="e">former owner.</subfield>
    </datafield>
    <datafield tag="856" ind1="4" ind2="1">
      <subfield code="z">Digital facsimile in OPenn</subfield>
      <subfield code="u">http://openn.library.upenn.edu/Data/0016/html/NEP27.html</subfield>
    </datafield>
    <datafield tag="852" ind1=" " ind2=" ">
      <subfield code="b">University of Pennsylvania Museum of Archaeology and Anthropology</subfield>
	  <subfield code="a">University of Pennsylvania</subfield>
      <subfield code="e">Philadelphia</subfield>
      <subfield code="u">https://franklin.library.upenn.edu/catalog/FRANKLIN_9958293823503681</subfield>
    </datafield>
    <datafield tag="880" ind1="1" ind2="3">
      <subfield code="6">245-01/(3/r</subfield>
      <subfield code="a">[القرآن]</subfield>
      <subfield code="h">[electronic resource].</subfield>
    </datafield>
    <datafield tag="880" ind1=" " ind2=" ">
      <subfield code="6">260-02/(3/r</subfield>
      <subfield code="a">همذان،</subfield>
      <subfield code="c">A.H. 559 (1164)</subfield>
    </datafield>
    <datafield tag="880" ind1="1" ind2=" ">
      <subfield code="6">700-03/(3/r</subfield>
      <subfield code="a">كرماني، محمود بن الحسين،</subfield>
      <subfield code="d">active 1164،</subfield>
      <subfield code="e">scribe.</subfield>
    </datafield>
    <datafield tag="880" ind1="1" ind2=" ">
      <subfield code="6">700-04/(3/r</subfield>
      <subfield code="a">جاويش، احمد،</subfield>
      <subfield code="d">active approximately 1760،</subfield>
      <subfield code="e">former owner.</subfield>
    </datafield>
    <datafield tag="880" ind1="2" ind2=" ">
      <subfield code="6">710-05/(3/r</subfield>
      <subfield code="a">جامع الازهر،</subfield>
      <subfield code="e">former owner.</subfield>
    </datafield>
    <datafield tag="066" ind1=" " ind2=" ">
      <subfield code="c">(3</subfield>
    </datafield>
  </record></collection>